
@online{lufaso2013,
  author = {Michael Lufaso},
  institution = {University of North Florida},
  howpublished = {University Lecture},
  month = {10},
  year = {2013},
  title = {Solid State Chemistry Lecture Notes},
  url = {https://www.unf.edu/~michael.lufaso/chem4627/ch2_solid_state.pdf},
  urldate = {2016-10-12}
}

@online{norby2006,
  author = {Poul Norby},
  institution = {University of Oslo},
  month = {5},
  year = {2006},
  title = {Chemistry of Materials - Lecture Notes},
  url = {http://www.uio.no/studier/emner/matnat/kjemi/KJM3100/v06/undervisningsmateriale/kjm3100_colour_ex.pdf},
  urldate = {2016-11-01}
}

@misc{penkala1976laue,
  title={Zarys krystalografii},
  author={Penkala, T},
  year={1976},
  publisher={PWN},
  pages = {245--252}
}

@misc{penkala1976bragg,
  title={Zarys krystalografii},
  author={Penkala, T},
  year={1976},
  publisher={PWN},
  pages = {252--253}
}

@online{www-winplotr,
  title={WinPLOTR},
  author={{Alternative Energies and Atomic Energy Commission (CEA)}},
  url={http://www-llb.cea.fr/fullweb/winplotr/wpl_ins.htm},
  urldate = {2016-11-01}
}

@online{de2006uncertainty,
  title={UNCERTAINTY ESTIMATION OF LATTICE PARAMETERS MEASURED BY X-RAY DIFFRACTION},
  author={De Campos, Marcos F and Damasceno, Jailton C and Machado, Rog{\'e}rio and Achete, Carlos A},
  year={2006},
  url={http://www.imeko.org/publications/wc-2006/PWC-2006-TC8-008u.pdf},
  urldate = {2016-11-01}
}
